@misc{UnityMlAgentsRepository,
    title={Unity ML-Agents Repository},
    url={https://github.com/Unity-Technologies/ml-agents/}
}

@article{UnityMlAgents,
    author={Arthur Juliani and others},
    title={Unity: A General Platform for Intelligent Agents},
    year={2020},
    url={https://arxiv.org/pdf/1809.02627v2.pdf},
}


@misc{PerlinNoise,
    title={Perlin Noise},
    url={https://docs.unity3d.com/ScriptReference/Mathf.PerlinNoise.html}
}

@article{ImprovedPointProjectionBezier,
    author =       "Xiao-Diao Chen and others",
    title =        "Improved Algebraic Algorithm On Point Projection For Bézier Curves",
    journal =      "Proceedings of the Second International Multi-Symposiums on Computer and Computational Sciences",
    pages =        "158-163",
    year =         "2007",
    DOI =          "10.1109/IMSCCS.2007.17",
    url =          "https://hal.inria.fr/file/index/docid/518379/filename/Xiao-DiaoChen2007c.pdf",
}

@misc{ImpalaResnet,
    title={IMPALA: Scalable Distributed Deep-RL with Importance Weighted Actor-Learner Architectures},
    url={https://arxiv.org/abs/1802.01561}
}

@misc{Match3,
  author       = {Stefan Freyr Gudmundsson and others},
  title        = {Human-Like Playtesting with Deep Learning},
  url         = {https://www.researchgate.net/publication/328307928_Human-Like_Playtesting_with_Deep_Learning}
}

@wikipedia{Lidar,
  title        = {Lidar},
  url         = {https://pl.wikipedia.org/wiki/Lidar}
}

@www{SAE,
  title        = {Poziomy autonomii pojazdów SAE},
  url         = {https://www.sae.org/blog/sae-j3016-update}
}

@article{CompareDrlAlgorithms,
  author          = {Thomas Nakken Larsen and others},
  journal         = {FrontRobotAI},
  title           = {Comparing Deep Reinforcement Learning Algorithms’ Ability to Safely Navigate Challenging Waters},
  year            = {2021},
  DOI             = {10.3389/frobt.2021.738113},
  url             = {https://www.ncbi.nlm.nih.gov/pmc/articles/PMC8473616/}
}